2131 3100
579 163 626 188 lll.
660 164 703 189 DE
722 164 919 190 CLAVDIANl
942 166 1090 191 MAloals
1111 167 1304 193 eoluolnvs
1701 172 1755 197 xm

123 250 295 281 collocatus
325 254 393 279 erat
417 249 447 279 in
473 249 538 279 folii
564 249 651 279 initio
677 249 825 281 videlieet
856 262 957 292 eoque
987 253 1105 292 primus
1130 254 1231 282 faetus
1256 259 1302 283 est
1329 254 1411 294 quod
1438 256 1543 286 folium
1570 258 1764 298 prameedens

125 302 298 333 interierat.

230 352 266 383 In
301 352 375 393 ipsis
413 351 600 382 lectionibus
637 352 858 383 admirabilem
897 353 925 383 in
962 353 1090 384 modum
1122 355 1313 385 concordant
1346 357 1471 397 quidem
1499 359 1523 388 E
1551 364 1581 388 et
1612 367 1762 401 excerpta

121 404 304 436 Ernstiana:
340 403 468 444 gravius
498 407 561 436 est,
591 403 676 444 quod
707 404 765 434 ista
800 415 862 434 non
898 404 1015 445 ubique
1049 416 1183 445 regnare
1215 406 1339 437 videtui·
1373 409 1551 440 eoncordia.
1611 410 1648 440 Et
1681 412 1762 452 quod

121 455 285 486 Walchius
320 454 492 495 singularia
525 455 675 485 nonnulla
711 459 796 485 tacet
833 466 914 496 quae
949 456 1046 486 habet
1075 458 1110 493 Ε,
1147 457 1220 487 nihil
1258 469 1298 488 ex
1332 458 1390 489 hoc
1426 461 1549 491 silentio
1585 463 1762 493 effecerim:

120 507 273 538 Matthiae
305 517 380 537 vero
413 506 503 536 testis
538 506 679 536 sincerus
715 506 788 537 dum
823 512 854 537 et
890 507 956 548 ipse
992 508 1141 538 observat
1175 520 1382 544 eonsensum,
1413 512 1505 552 plane
1536 516 1670 542 testatur
1693 525 1762 543 sese

121 559 315 590 differentias
346 567 472 599 quoque
503 558 661 588 invenisse
696 559 810 588 saltem
836 558 923 592 duas,
957 569 1061 600 neque
1092 560 1162 591 ideo
1197 561 1253 591 hoe
1283 562 1310 591 ei
1345 563 1373 591 ia
1399 567 1536 594 mentem
1563 565 1657 596 venit,
1683 571 1714 594 ut
1743 567 1767 595 E

120 615 259 641 nostrum
284 609 401 640 Ernstii
425 609 607 640 Mediceum
633 620 704 640 esse
729 611 988 651 suspicareturl).

224 661 314 697 Quae
340 671 410 692 eum
434 661 479 691 ita
503 661 573 695 sint,
599 661 622 691 si
648 662 717 702 quis
741 662 772 692 in
796 662 864 703 ipso
889 661 1065 692 Clamliano
1091 669 1121 693 et
1145 675 1159 693 ε
1184 668 1215 693 et
1243 665 1267 694 E
1288 675 1329 694 ex
1354 665 1462 695 codiee
1488 666 1602 696 eodem
1629 667 1761 697 liuvensi

119 714 227 755 copias
257 713 400 743 hausisse
437 713 481 742 ita
516 712 644 742 studeat
674 713 800 743 firmare
830 717 863 743 ut
893 713 933 743 ad
967 713 1093 744 Aetnae
1123 719 1275 756 excerpta
1305 722 1471 756 provooet,
1503 728 1614 748 vereor
1642 729 1680 748 ne.
1711 719 1762 748 ille.

118 776 231 796 nucem
264 768 429 796 ventosam
462 763 614 794 venditet.
661 764 730 806 Ego
762 765 822 795 illis
850 766 1038 796 coniecturis
1068 766 1205 796 virorum
1235 766 1398 797 doctorum
1430 779 1485 809 pro
1518 770 1609 799 certis
1633 770 1676 799 uti
1702 780 1761 799 non

121 817 239 851 audeo,
263 816 320 847 sed
343 820 472 858 praeter
501 815 681 846 Medieeum
707 818 757 849 33,
783 820 801 845 §l
835 817 968 847 alterum
1002 828 1127 858 quoque
1159 818 1272 848 librum
1301 818 1479 849 Medieeum
1505 820 1630 850 Aetnae
1655 831 1762 850 versus

119 869 310 900 continuisse
335 868 456 909 accipio
481 867 520 898 de
546 878 607 908 quo
632 878 714 898 nunc
742 879 803 898 non
833 873 972 900 constat:
1000 869 1093 899 ‘inde‘
1118 869 1260 900 Erus-tius
1284 870 1353 903 ille,
1379 871 1429 911 qui
1455 872 1548 901 etiam
1574 882 1655 902 anno
1687 875 1756 902 lli-ll

122 920 323 961 ‘Catalogum
347 919 563 950 bibliothecae
580 918 758 949 Mediceae'
783 920 970 961 composuit.
989 920 1127 951 Aetnam
1146 921 1287 954 ‘babuist
1313 922 1344 952 id
1369 927 1416 952 est
1441 922 1513 953 inde
1538 924 1596 953 sibi
1621 923 1760 964 descrip-

117 972 170 1008 sit;
195 982 236 1002 ex
259 971 376 1002 Ernstii
402 970 561 1012 descripto
585 971 740 1001 lectiones
769 971 799 1001 in
826 971 951 1001 Pitlioei
977 972 1152 1012 marginem
1177 973 1361 1013 migrarunt.
1406 974 1557 1004 Heinsius
1581 986 1655 1004 vero
1681 975 1761 1004 hunt·

117 1024 253 1054 alterum
277 1023 451 1063 ‘antiquum
475 1020 668 1052 Medieeum'
693 1021 789 1052 hodie
813 1023 1008 1063 incognitum
1040 1024 1107 1064 ipse
1141 1034 1267 1064 quoque
1292 1025 1462 1056 ‘eontulit'z
1496 1027 1585 1056 testis
1610 1031 1658 1056 est
1681 1025 1759 1056 Bur-

117 1086 248 1106 mannus
281 1074 321 1105 ad
357 1073 452 1105 Ovidi
484 1078 559 1104 met.
584 1073 599 1103 I
623 1075 672 1104 55.
735 1073 824 1104 Unde
858 1075 974 1104 factum
1006 1075 1045 1105 sit
1072 1079 1106 1105 ut
1136 1076 1216 1105 liber
1244 1080 1376 1117 uterque
1409 1077 1438 1106 in
1463 1088 1490 1107 v.
1518 1079 1575 1107 2s7
1602 1077 1761 1107 desineret

117 1127 240 1159 nescio:
263 1127 323 1157 nisi
348 1125 432 1167 quod
457 1125 583 1166 saepius
607 1125 649 1155 ibi
675 1125 769 1155 scribi
794 1125 931 1156 desitum
957 1136 1027 1156 esse
1051 1126 1206 1157 videmus.
1252 1127 1466 1158 Numerantur
1496 1133 1600 1159 autem
1627 1140 1642 1159 a
1670 1139 1760 1158 versu

122 1180 177 1209 138
201 1178 241 1209 ad
266 1180 326 1209 2s7
351 1178 497 1220 praecise
522 1187 632 1207 versus
657 1180 784 1207 eentum
809 1182 841 1207 et
865 1178 1094 1219 quinquaginta
1111 1179 1161 1208 vel
1184 1179 1371 1220 quinquiens
1389 1180 1508 1210 triceni.
1555 1180 1665 1210 Potest
1684 1191 1759 1220 ergo

117 1230 191 1260 olim
215 1230 246 1260 in
270 1229 444 1270 archetypo
469 1229 562 1259 simul
589 1232 665 1259 etv.
691 1230 744 1259 138
769 1229 800 1259 in
824 1229 910 1259 initio
936 1240 1011 1260 suae
1029 1230 1166 1271 paginae
1192 1235 1223 1260 ct
1248 1242 1274 1261 v.
1294 1232 1352 1261 257
1378 1231 1408 1261 in
1433 1242 1509 1262 suae
1534 1233 1668 1273 paginae
1693 1233 1759 1273 ipsa

115 1281 199 1312 linea
222 1285 384 1323 postrema
408 1281 562 1311 extitisse..
610 1280 680 1315 Quo
706 1280 891 1322 archetypo,
916 1285 1086 1322 postquam
1111 1281 1293 1312 decurtatus
1318 1286 1375 1316 est*
1401 1283 1470 1323 plus
1495 1283 1592 1313 semel
1618 1284 1664 1313 usi
1690 1293 1758 1313 esse

116 1332 262 1364 videntur
286 1332 370 1363 docti
393 1332 523 1363 librarii.

217 1384 301 1415 Hinc
326 1383 367 1414 ad
391 1382 603 1414 Claudianum
627 1382 735 1413 redeo.
783 1383 823 1413 Et
848 1383 914 1413 fieri
940 1394 1016 1413 sane
1043 1384 1137 1414 etiam
1163 1384 1221 1414 hoe
1246 1385 1347 1426 potuit
1382 1385 1412 1415 id
1437 1385 1520 1426 quod
1546 1386 1618 1416 olim
1643 1385 1760 1426 placuit

115 1436 263 1476 Pau102),
287 1440 322 1466 ut
346 1435 517 1476 scriptores
534 1435 562 1465 E
583 1437 615 1464 et
637 1445 652 1465 ε
677 1434 803 1465 codices
828 1434 906 1465 duos
931 1436 1098 1475 gemellos,
1124 1435 1162 1465 de
1188 1436 1376 1466 lectionibus
1400 1447 1526 1478 prorsus
1550 1436 1760 1477 singularibus

115 1498 212 1529 saepe
237 1487 451 1523 concine11tes‚
476 1490 619 1517 attamen
644 1486 789 1516 diversos
813 1487 992 1521 habuerint,
1018 1487 1113 1528 idque
1139 1498 1176 1517 eo
1195 1487 1436 1518 commendatur
1453 1488 1537 1529 quod
1554 1489 1623 1518 Ein
1648 1487 1756 1518 codiee

115 1540 261 1571 Mediceo
286 1539 340 1570 ubi
363 1540 493 1580 plenum
518 1542 642 1568 textum
667 1538 764 1568 tradit
786 1539 886 1568 multo
912 1539 1039 1579 saepius
1064 1549 1157 1579 quam
1183 1539 1213 1569 in
1238 1539 1398 1580 excerptis
1416 1539 1665 1581 deprehenditur
1689 1539 1728 1569 ab
1746 1551 1759 1569 ε

114 1592 274 1622 aberrans
312 1590 417 1627 Quid?
435 1589 520 1631 quod
536 1600 641 1631 neque
659 1589 700 1620 ad
717 1589 858 1631 Raptum
875 1600 980 1631 neque
997 1590 1037 1620 ad
1053 1590 1178 1620 Bellum
1197 1590 1280 1620 Gild.
1299 1594 1451 1631 excerpta
1466 1591 1647 1621 Florentina
1667 1590 1756 1631 quid-

115 1654 208 1684 quam
226 1642 441 1684 suppeditant,
458 1642 652 1683 paucissima
670 1645 791 1672 tantum
809 1641 849 1671 ad
867 1651 981 1682 paneg.
1000 1641 1127 1672 Probini
1151 1647 1182 1672 et
1200 1641 1322 1683 Olybrii
1339 1652 1442 1682 neque
1458 1644 1485 1672 E
1499 1642 1580 1672 hune
1598 1642 1758 1672 defectum

113 1695 144 1725 in
164 1694 309 1725 Mediceo
334 1694 553 1735 compensavit
576 1694 629 1733 ita,
654 1697 688 1723 ut
712 1693 902 1723 concludere
928 1704 1080 1734 cogamur
1105 1693 1243 1723 defuisse
1267 1694 1297 1723 in
1321 1693 1456 1723 Lucensi
1483 1694 1561 1723 hae(-
1587 1704 1667 1734 quae
1693 1693 1756 1723 dixi

119 1747 266 1777 carmina.
314 1745 433 1776 Contra
457 1757 471 1777 ε
494 1745 535 1775 ad
560 1756 598 1775 ea
622 1745 762 1776 carmina
786 1756 847 1775 non
865 1746 967 1775 minus
984 1745 1074 1785 larga
1090 1755 1186 1775 manu
1203 1755 1297 1786 quam
1314 1745 1354 1775 ad
1372 1745 1493 1785 reliqua
1510 1745 1661 1775 lectiones
1686 1755 1756 1774 suas

117 1796 218 1827 fundit
241 1807 346 1838 neque
370 1807 446 1827 vero
471 1797 502 1827 in
526 1797 574 1827 his
607 1807 641 1827 se
673 1797 768 1827 alium
793 1797 936 1827 codicem
962 1797 1132 1827 extrahere
1157 1796 1274 1827 indicat
1298 1802 1394 1837 atque
1419 1807 1490 1826 eum
1517 1807 1610 1837 quem
1635 1807 1649 1825 a
1677 1796 1756 1826 Ger-

114 1848 223 1879 ardino
247 1849 371 1890 aceepit
382 1848 419 1889 ³).
458 1848 571 1890 Itaque
588 1849 756 1879 Gerardini
780 1849 904 1890 plenior
928 1848 1031 1879 codex
1055 1850 1159 1879 fuerat
1178 1859 1272 1889 quam
1290 1849 1342 1878 ille
1361 1859 1455 1889 quem
1472 1848 1620 1889 praebuit
1637 1848 1755 1877 amicus

114 1899 276 1930 Lucensis
324 1899 459 1930 Accedit
489 1900 573 1941 quod
608 1905 680 1942 post
715 1901 851 1931 carmina
884 1900 946 1930 duo
977 1910 1058 1941 quae
1084 1904 1154 1930 sunt
1181 1900 1214 1929 ln
1240 1899 1402 1930 Cui-etium
1427 1906 1467 1933 (c.
1492 1899 1564 1929 min.
1590 1902 1639 1931 43,
1665 1898 1718 1931 44‘)
1743 1910 1757 1929 ε

113 1961 183 1982 sese
208 1951 326 1992 legisse
350 1955 487 1982 testatur
509 1951 559 1982 De
585 1952 703 1982 lanario
729 1961 769 1992 (c.
794 1953 868 1982 min.
894 1954 964 1985 52):
996 1951 1055 1981 hoc
1088 1956 1194 1981 tamen
1219 1952 1401 1992 poemation
1426 1950 1467 1980 ibi
1491 1961 1553 1980 non
1578 1950 1708 1980 exhibet
1733 1951 1760 1980 E

116 2003 145 2033 in
169 2013 224 2033 suo
248 2002 406 2034 Mediceo.
454 2004 524 2038 Quo
551 2014 701 2034 concesso
727 2004 751 2034 si
777 2004 903 2045 quaeris
927 2013 1008 2044 quae
1034 2003 1112 2033 ratio
1144 2003 1225 2033 iuter
1248 2003 1360 2032 librum
1385 2001 1551 2032 Gemi-dini
1577 2005 1607 2031 et
1632 2001 1755 2031 Lucen-

113 2064 180 2084 sem
204 2055 429 2089 intercesserit,
454 2055 614 2085 affirmare
633 2055 761 2096 quidem
786 2055 861 2085 nihil
887 2055 996 2085 ausim.
1043 2054 1180 2084 Gemelli
1198 2055 1329 2084 fuerint:
1354 2064 1415 2083 non
1438 2053 1600 2094 obloquor.
1640 2052 1752 2093 Neque

114 2116 189 2136 vero
215 2110 263 2136 est
285 2106 370 2136 unde
391 2106 575 2147 redarguas,
601 2106 769 2137 Gerardini
795 2106 937 2137 codicem
962 2106 1066 2147 potius
1091 2106 1310 2146 apographum
1343 2105 1438 2135 fuisso
1463 2104 1579 2134 codicis
1603 2104 1755 2134 Lucensis

114 2160 146 2188 et
169 2161 295 2188 auctum
325 2157 434 2199 Raptu
464 2157 677 2199 Proserpinae
703 2159 895 2199 reliquisque
928 2168 1009 2198 quae
1034 2157 1098 2187 dixi
1124 2157 1313 2187 carminibus
1345 2162 1376 2186 et
1401 2156 1477 2186 raris
1501 2156 1588 2185 novis
1611 2155 1754 2185 lectioni-

114 2218 174 2239 non
198 2209 318 2250 paucis,
344 2209 480 2240 fortasse
506 2210 601 2240 etiam
627 2210 793 2240 doctorum
818 2210 1006 2240 coniecturis
1032 2209 1222 2239 distinctum.
1270 2209 1364 2238 (forte
1390 2208 1542 2238 lectiones
1566 2218 1589 2237 ε.
1622 2206 1674 2236 ubi
1700 2207 1752 2236 Em

112 2261 167 2298 (E)
191 2259 311 2299 deficit,
342 2260 433 2291 firma
456 2264 552 2301 atquc
577 2261 707 2292 indubia
736 2261 915 2291 testimonia
947 2260 985 2291 de
1010 2260 1207 2290 Lucensibus
1238 2259 1426 2290 lectionibus
1451 2269 1511 2288 nou
1536 2264 1616 2288 sunt.
1643 2268 1751 2298 quam-

112 2321 206 2352 quam
230 2321 358 2353 semper
381 2312 636 2343 consideratione
667 2316 762 2354 atque
793 2316 941 2354 respectu
972 2312 1083 2352 dignas
1111 2311 1259 2341 habebis:
1292 2315 1421 2352 possunt
1450 2310 1531 2340 enim
1561 2309 1688 2339 fluxisse
1713 2319 1752 2338 ex

112 2361 258 2403 Lucensi,
282 2364 453 2405 praecipue
478 2364 531 2403 ibi,
555 2364 609 2395 ubi
634 2375 704 2395 cum
729 2367 766 2394 A
788 2364 976 2405 conspirant.

214 2414 362 2457 Denique
388 2415 491 2445 codex
516 2415 702 2456 deperditus
726 2415 879 2446 Lucensis
904 2426 965 2456 quo
991 2420 1135 2456 tompore
1161 2415 1228 2455 ipse
1254 2417 1403 2444 exaratus
1432 2413 1470 2442 sit
1495 2416 1581 2442 certo
1605 2411 1751 2442 affirmari

112 2466 230 2507 nequit.
279 2465 407 2497 Conicio
434 2471 538 2497 tamen
565 2477 636 2497 eum
662 2478 722 2497 non
741 2468 946 2497 vetustum-em
966 2467 1061 2497 fuisse
1080 2466 1289 2496 Bruxellensi.
1315 2465 1428 2495 nedum
1449 2463 1623 2493 Veronensi
1641 2463 1752 2503 quibus

215 2570 238 2601 l)
257 2571 297 2596 SIC
316 2571 427 2602 disputat
449 2571 489 2595 ille
510 2579 530 2602 p.
551 2570 613 2595 315:
642 2572 688 2595 „le
716 2571 745 2594 ist
770 2571 954 2601 merkwiirdig,
979 2570 1037 2594 dass
1060 2570 1140 2593 dieses
1163 2570 1297 2599 l⁴'r.·i;.·,·ment
1317 2569 1351 2591 ‘in
1369 2569 1395 2591 lu'l
1415 2567 1505 2597 gerade
1525 2575 1572 2590 ιιιιι·
1591 2567 1628 2589 bis
1648 2575 1676 2589 zu
1697 2566 1750 2589 ιΙι-ιιι

112 2613 188 2638 Verso
205 2614 272 2646 geht,
294 2615 380 2638 womit
398 2614 463 2638 auch
484 2614 529 2637 das
549 2614 693 2637 lirnstisebe
712 2614 840 2642 ablu-ioht,
868 2614 912 2638 mit
936 2614 990 2637 (lem
1016 2622 1041 2636 es
1062 2613 1182 2642 iibrigeus
1203 2613 1225 2635 in
1246 2612 1385 2641 Ausebnug
1405 2611 1447 2633 der
1469 2610 1586 2633 bosamen
1607 2610 1668 2632 fast
1688 2617 1750 2637 gans,

112 2655 319 2681 iibereinstinnnt.
359 2657 412 2680 Nur
432 2665 454 2680 v.
474 2656 524 2681 266
544 2656 586 2680 (Ξ
606 2655 666 2683 2Ῑ3)
686 2657 729 2680 hat
748 2664 774 2680 cs
793 2665 841 2688 quo
861 2657 937 2680 risum
959 2657 1008 2682 (hie
1028 2665 1096 2680 error
1114 2660 1163 2680 est:
1184 2656 1257 2678 innuo
1277 2654 1364 2685 quoni«
1386 2654 1399 2675 ἶ
1423 2653 1447 2675 iu
1465 2653 1498 2679 1-31,
1519 2660 1540 2675 v.
1560 2650 1609 2675 ’.ΠΗ
1629 2659 1669 2672 ⁴2⁷
1690 2650 1750 2674 '2⁸37

110 2705 152 2722 θεῐι
177 2703 255 2730 parm
285 2707 411 2723 cauernae
438 2699 490 2723 und
519 2707 540 2722 v.
561 2698 612 2722 282
635 2700 677 2724 (Ξ
697 2698 757 2729 2815)
784 2699 844 2730 quia
872 2699 961 2723 verlice
988 2703 1115 2729 mnaseas-'2
1157 2699 1244 2727 ltaque
1269 2697 1305 2719 bis
1328 2695 1582 2719 salu-111‹lim-rebant
1603 2693 1749 2723 marginalia

110 2739 251 2765 Ernstiana.
295 2744 411 2766 Ceterum
438 2742 462 2765 iu
487 2742 583 2765 Aetnae
611 2751 631 2764 v.
653 2740 703 2765 ⁵270
729 2750 777 2765 nou
798 2742 906 2771 occulta,
935 2742 978 2765 sed
1006 2741 1098 2765 occulte
1127 2741 1150 2763 iu
1174 2741 1191 2762 1¹2
1220 2740 1340 2770 seriptum
1367 2747 1419 2762 esst·
1442 2742 1558 2762 attestor:
1583 2737 1647 2766 quud
1668 2736 1748 2767 ipsum

111 2791 198 2807 verum
219 2789 285 2815 puto.
392 2784 418 2809 2)
438 2785 469 2808 ct'.
488 2784 552 2808 Paul
573 2793 656 2816 progr.
676 2784 782 2809 Beroliu.
803 2793 824 2808 a.
843 2783 906 2808 1861}
926 2792 947 2815 p.
962 2783 1001 2807 34.
1094 2783 1119 2813 ΣΒ)
1142 2784 1218 2806 immo
1237 2782 1295 2806 citat
1319 2782 1479 2811 ..auiiqnum··
1503 2787 1590 2809 pam-g.
1607 2779 1678 2801 lunii..
1693 2776 1749 2801 2:25».

1503 2825 1543 2848 m*
