2179 3100
912 483 1130 519 MONITVM
1159 483 1223 518 AD
1251 482 1519 518 LECTOREM.

494 637 605 661 Iudicem
630 637 760 661 nominum
785 637 943 668 propriorum
968 645 1025 660 cum
1049 636 1207 660 enarratione
1233 636 1400 660 contractiore
1419 636 1539 660 exhibere
1558 644 1641 660 meum
1667 635 1754 667 putavi
1774 644 1823 667 quo
1841 635 1961 659 historiae
1979 643 2037 667 geo-

389 680 509 713 graphiae
545 680 757 712 mytlmgrapliiae
791 680 881 704 studiis
907 680 1032 704 auxilium
1064 688 1185 711 pararem.
1237 679 1366 711 Ampliora
1393 679 1548 703 collectanea
1576 679 1607 703 de
1634 679 1740 703 historia
1761 679 1878 703 Romana
1907 678 2037 710 proposuit

390 724 416 748 E.
434 723 553 748 Stoeclzer
573 723 588 746 l.
602 723 618 746 l.
639 722 681 752 (cs.
700 731 723 754 p.
738 723 790 746 (”(Ἰ
809 722 887 753 adn.),
906 723 936 747 dc
956 723 1031 747 rebus
1052 723 1210 747 tabularibus
1229 724 1256 747 (¹.
1270 722 1390 753 Pur-gold,
1409 722 1632 754 archaeologisclie
1651 722 1846 753 Bemerkungen
1866 730 1897 746 zu
1910 721 2037 746 Ulaudian

390 767 441 791 und
461 766 587 797 Sidonius,
607 766 705 790 (totbae
724 775 746 790 a.
768 764 842 790 1878.

495 809 693 833 vocabularium
718 809 777 832 milii
803 809 910 833 condere
935 809 1090 841 aggredienti
1117 818 1132 833 a,
1162 809 1285 833 Matthiae
1314 809 1419 833 Gesneri
1448 809 1569 833 ditissima
1594 812 1619 833 et
1644 808 1837 840 diligentissima
1861 816 1949 841 opera,
1972 817 2037 839 quae

390 852 491 884 quidem
510 853 601 876 iterum
626 852 693 884 prelo
712 852 771 876 data
797 856 834 875 est
860 852 884 876 in
910 852 1026 876 Artantlii
1052 852 1170 876 editionis
1194 852 1325 876 Parisinac
1351 852 1480 876 volnniine
1506 853 1555 882 lli,
1579 852 1716 883 quidquam
1740 851 1871 876 detrahere
1894 852 1964 876 netas
1983 860 2037 876 esse

390 895 473 919 visum
498 898 549 925 est,
573 895 650 927 igitur
672 898 696 919 et
721 895 843 927 ampliavi
867 898 971 920 eatenus
995 900 1023 920 ut
1048 904 1079 919 ex
1103 895 1202 920 delectu
1227 895 1408 920 wicabulorum
1431 895 1624 920 vocabularium
1645 903 1725 927 paene
1747 894 1851 927 plenum
1870 895 1995 919 efficerem
2014 898 2039 919 ct

391 938 466 962 unius
485 939 607 970 cuiusque
627 938 696 962 vocis
715 938 799 962 varias
819 938 932 962 notiones
956 947 1014 963 cum
1038 947 1098 963 cum
1123 939 1240 969 distinxi,
1264 942 1404 963 structuras
1428 939 1562 969 adnotaviq
1587 939 1654 963 locos
1677 947 1736 962 vero
1763 947 1813 962 non
1836 938 1931 969 ubique
1950 946 2037 962 omnes

390 990 453 1013 quos
476 981 568 1011 habui,
595 981 639 1005 sed
664 989 721 1004 cnm
744 980 880 1007 electione.
904 985 932 1005 ut
957 990 1002 1013 par
1027 986 1075 1011 est,
1100 982 1230 1014 adscripsi.
1273 982 1314 1005 siu
1336 986 1421 1006 autem
1445 983 1554 1011 sactum,
1578 986 1606 1006 ut
1628 982 1730 1006 modum
1756 983 1808 1006 fere
1832 990 1979 1006 concessum
1999 981 2038 1006 his

390 1024 544 1049 editionibus
567 1023 712 1048 excederem
738 1027 762 1047 et
780 1023 942 1055 inexpectata
960 1025 1128 1056 grammatica
1147 1025 1212 1048 mole.
1231 1025 1364 1061 obruerem
1383 1028 1507 1049 amatores
1526 1024 1662 1049 Claudiani
1681 1028 1707 1049 et
1725 1028 1825 1057 propter
1843 1025 1922 1057 ipsam
1943 1025 2037 1056 magni—

390 1067 503 1091 tudinem
528 1067 610 1099 operis
635 1075 727 1098 magno
758 1074 832 1098 opere
859 1075 981 1091 excusare
1005 1068 1130 1092 deberem.
1177 1062 1272 1099 Quodsi
1302 1068 1420 1092 acerbius
1452 1068 1604 1100 vituperium
1628 1076 1667 1092 me
1691 1072 1813 1100 expectat,
1839 1068 2037 1093 consolationem

390 1111 448 1134 inde
467 1114 549 1142 petam
576 1110 643 1141 quod
668 1109 779 1140 aliquam
799 1114 865 1134 certe
884 1110 1020 1134 utilitatem
1043 1111 1089 1135 arti
1115 1111 1311 1142 grammaticae,
1337 1111 1448 1142 aliquam
1472 1111 1547 1135 etiam
1571 1111 1647 1135 huius
1672 1116 1759 1142 poetae
1779 1111 1979 1143 interpretationi
1999 1121 2037 1137 me

390 1154 506 1178 attulisse
522 1154 655 1178 observato
676 1162 723 1177 usu
738 1153 857 1185 loquendi
871 1162 972 1178 novero.
1002 1156 1119 1179 ceterum
1134 1155 1220 1187 copias
1234 1155 1387 1179 collecticias
1404 1155 1458 1179 sine
1472 1155 1558 1178 ordine
1571 1154 1601 1178 de
1615 1154 1746 1179 adiectivis
1762 1154 1822 1178 inibi
1835 1155 2037 1180 subministravit

391 1197 517 1228 Georgius
530 1197 624 1221 Weber
643 1197 766 1226 rosanus,
786 1197 815 1220 dc
836 1197 1064 1229 p1·.·iepositi‹111ilu1s
1083 1198 1209 1230 parciores
1230 1199 1387 1223 Friedericus
1400 1198 1581 1230 Knickenberg
1600 1198 1749 1229 Bonnensis‚
1769 1198 1874 1222 iuvenes
1892 1199 2037 1230 doctissimi,

390 1240 483 1272 quibus
502 1240 609 1271 gratiam
629 1239 709 1263 habeo
728 1239 846 1264 debitam.
884 1241 1057 1272 ‚Suppletoriac
1075 1241 1253 1266 adnotationes
1271 1241 1451 1273 gramniaticae
1471 1241 1495 1264 in
1515 1241 1679 1272 praefationis
1698 1241 1836 1272 appendice
1856 1241 1983 1273 leguntur.

495 1283 600 1308 Numeri
619 1283 725 1307 Romani
745 1284 755 1306 Ι
778 1284 799 1307 ΙΙ
820 1284 854 1307 ΙΙΙ
874 1284 992 1316 Raptus
1011 1285 1222 1316 Proserpinae
1243 1285 1319 1308 libros
1338 1285 1496 1316 signiticant;
1517 1284 1615 1309 numeri
1629 1284 1732 1308 Arabici
1751 1288 1809 1308 ante
1828 1285 1908 1309 levem
1929 1283 2038 1317 stigmen

391 1328 444 1352 sive
470 1335 568 1351 comma
596 1327 663 1358 quod
686 1330 779 1351 vocant
801 1327 917 1352 collocati
943 1328 1093 1352 Gesneriani
1117 1331 1189 1355 sunm
1213 1327 1341 1360 pertinent
1368 1328 1401 1351 ab
1423 1327 1433 1351 1
1454 1327 1485 1351 ad
1505 1326 1537 1351 28
1556 1327 1609 1352 sive
1627 1328 1658 1352 ad
1677 1327 1730 1352 sola
1749 1328 1899 1352 carmina
1917 1329 2038 1353 maiora

392 1371 485 1403 publici
514 1370 672 1403 argumenti3
701 1370 775 1394 iidem
804 1379 848 1402 per
875 1374 953 1395 totam
981 1371 1045 1395 lianc
1072 1371 1207 1395 editionem
1233 1371 1313 1395 titulis
1341 1371 1482 1395 carminum
1510 1371 1575 1395 inter
1598 1371 1725 1396 cancellos
1750 1371 1840 1395 adiecti
1865 1371 2036 1396 inveniuntur.

391 1415 457 1438 Sunt
475 1418 560 1438 autem
580 1413 729 1438 Gesneriani
748 1413 773 1437 hi
793 1414 891 1438 numeri
911 1422 962 1438 una
981 1423 1038 1438 cuin
1059 1415 1140 1439 titulis
1159 1415 1302 1439 carminum
1322 1415 1347 1438 iu
1366 1417 1504 1446 conspectu
1524 1415 1656 1446 propositi:

565 1456 575 1481 1
598 1467 628 1476 Ξ
648 1457 744 1488 Paueg.
764 1457 867 1481 Probini
887 1461 912 1481 et.
930 1457 1028 1489 olybrii
1275 1458 1304 1482 15
1325 1468 1355 1477 Ξ
1375 1458 1474 1482 Bellum
1494 1458 1656 1482 Gildonicum

563 1499 578 1524 2
600 1510 630 1519 Ξ
652 1501 679 1524 ln
698 1500 819 1524 Rufinum
840 1501 850 1524 l
869 1501 993 1532 praefatio
1274 1500 1303 1525 16
1324 1511 1354 1521 Ξ
1375 1509 1465 1533 paneg.
1486 1501 1576 1525 Manlii
1595 1501 1720 1525 Theodori
1740 1502 1819 1533 praes.

560 1543 575 1567 3
596 1554 626 1563 Ξ
648 1544 675 1567 ln
695 1544 815 1568 Rufinum
836 1545 846 1568 Ι
1272 1543 1300 1569 17
1323 1554 1353 1564 Ξ
1373 1553 1462 1577 paneg.
1483 1544 1571 1568 Manlii
1590 1544 1716 1569 Theodori

562 1586 577 1611 4
598 1597 628 1606 Ξ
648 1588 677 1611 Ιιι
697 1588 816 1611 Rufinum
837 1588 860 1611 ΙΙ
880 1589 959 1620 praes.
1274 1587 1305 1613 15
1325 1598 1355 1608 Ξ
1376 1589 1404 1612 ln
1423 1588 1573 1620 Eutropium
1594 1589 1602 1612 l

561 1630 576 1654 ἵ)
596 1640 626 1650 Ξ
648 1631 675 1654 In
695 1631 815 1655 Rufinum
836 1632 856 1654 Il
1271 1631 1302 1656 19
1322 1641 1353 1651 Ξ
1373 1632 1401 1655 ln
1421 1632 1538 1655 Eutrium
1558 1632 1580 1655 11
1600 1632 1677 1663 praes.

560 1674 575 1698 6
596 1684 626 1693 Ξ
646 1682 739 1706 paneg.
758 1674 789 1698 de
808 1675 843 1698 111
863 1683 933 1699 cons.
952 1675 1016 1699 lIon.
1039 1676 1117 1707 praes.
1271 1674 1305 1699 20
1324 1685 1354 1694 Ξ
1374 1676 1403 1699 Ιιι
1423 1675 1571 1707 Eutropium
1591 1676 1614 1699 11

562 1716 575 1740 7
596 1727 627 1736 Ξ
647 1725 736 1749 paneg.
756 1718 786 1741 (le
806 1718 841 1741 ΙΙΙ
860 1726 929 1742 cons.
950 1719 1017 1742 lIon.
1269 1718 1300 1743 21
1322 1728 1353 1738 Ξ
1373 1727 1464 1751 paneg.
1484 1719 1514 1743 dc
1533 1727 1601 1743 cons.
1621 1718 1768 1742 stilichonis
1787 1719 1797 1742 1

562 1760 578 1784 S
598 1770 628 1780 Ξ
649 1768 739 1791 paneg.
759 1761 788 1784 de
808 1761 842 1784 [v
861 1769 928 1785 cons.
950 1762 1016 1785 lion.
1270 1762 1303 1785 22
1323 1772 1353 1781 ·--
1374 1770 1462 1794 paneg.
1484 1762 1513 1786 de
1532 1770 1600 1786 cons.
1620 1762 1766 1786 Stilichonis
1786 1762 1809 1785 11

561 1803 576 1826 Ξ)
596 1813 626 1823 Ξ
647 1804 685 1827 De
704 1804 800 1835 nuptiis
819 1804 885 1828 Hon.
905 1808 930 1828 et
948 1805 1045 1829 Mariae
1065 1806 1143 1836 praet.
1269 1804 1302 1828 23
1323 1815 1353 1824 Ξ
1374 1813 1462 1837 paneg.
1483 1805 1513 1829 de
1532 1813 1599 1829 cous.
1621 1805 1766 1829 stilichonis·
1786 1806 1822 1829 ΙΙΙ
1842 1806 1920 1837 praes.

547 1845 578 1871 lt)
597 1856 628 1866 =
648 1847 759 1878 Nuptiae
778 1847 844 1871 Hon.
864 1851 889 1871 et
907 1848 1003 1873 Mariae
1269 1847 1302 1872 24
1324 1858 1354 1868 Ξ
1374 1857 1465 1880 paneg.
1485 1848 1515 1872 de
1533 1856 1602 1872 cons.
1621 1848 1767 1872 Stilichonis
1786 1848 1822 1872 ΙΙΙ

546 1888 574 1913 11
598 1899 628 1908 Ξ
648 1890 864 1914 Fescenninorinn
884 1892 930 1915 c.l
1271 1891 1304 1915 *25
1325 1902 1355 1911 Ξ
1375 1892 1438 1916 Belli
1458 1892 1594 1916 Pollentini
1613 1892 1692 1923 praef.

546 1931 576 1956 12
595 1942 625 1951 Ξ
646 1933 767 1957 Fescenn.
787 1942 808 1957 c.
823 1935 845 1957 ΙΙ
1267 1934 1301 1959 215
1322 1945 1352 1955 Ξ
1373 1935 1471 1960 Bellum
1493 1936 1663 1960 l’ollentinum

548 1974 577 1999 13
597 1985 627 1995 Ξ
648 1976 769 2000 Fesccnn.
788 1985 809 2000 c.
825 1977 861 2000 111
1271 1977 1303 2002 27
1324 1988 1354 1998 Ξ
1375 1987 1465 2010 paneg.
1484 1979 1514 2003 de
1534 1979 1567 2002 Vl
1586 1971 1654 2003 cons.
1674 1979 1740 2003 Hon.
1761 1980 1838 2011 praes.

550 2017 578 2042 14
599 2028 629 2038 Ξ
650 2019 771 2043 Fescenn.
790 2028 811 2044 c.
826 2020 858 2043 IV
1269 2020 1303 2046 28
1323 2031 1354 2041 Ξ
1373 2030 1463 2054 paneg.
1482 2022 1512 2046 de
1532 2022 1565 2045 Vl
1585 2029 1652 2046 cons.
1672 2022 1739 2046 Hon.

493 2061 636 2085 Carmina
656 2062 775 2086 minora
794 2071 843 2086 non
864 2064 1034 2091 Gesnerianis,
1054 2065 1097 2088 sed
1117 2065 1178 2088 meis
1197 2065 1309 2089 numeris
1328 2065 1431 2089 distinxi
1451 2065 1599 2096 praepositis
1618 2065 1708 2089 litteris
1728 2074 1748 2088 c.
1768 2073 1812 2094 ηι.;
1832 2074 1851 2089 c.
1872 2073 1902 2088 m.
1924 2065 1967 2089 ubi
1986 2073 2035 2090 nou

389 2104 505 2133 iteratum
525 2108 569 2135 est,
589 2113 620 2129 ne
638 2105 695 2136 quis
714 2106 807 2137 cogitet
825 2106 855 2130 (le
875 2106 1022 2131 minoribus.
1060 2107 1164 2131 llncinis
1182 2108 1313 2139 quadratis
1331 2108 1439 2139 denique
1458 2117 1501 2133 eos
1521 2108 1588 2132 locos
1610 2107 1701 2132 inclusi
1724 2116 1788 2140 quos
1811 2117 1842 2132 ex
1862 2102 2037 2140 appendice

390 2147 564 2171 carminum
585 2148 741 2172 minorum
760 2149 910 2181 deprompsi.

494 2191 644 2215 Nominibus
663 2192 769 2224 propriis
789 2193 885 2217 Latinis
905 2202 985 2225 pauca
1006 2194 1047 2217 illa
1066 2196 1164 2218 Graeca
1182 2195 1300 2224 adnexui,
1321 2195 1378 2219 item
1398 2195 1560 2219 vocabulario
1581 2195 1672 2219 Latino
1685 2196 1810 2219 Graecum
1830 2195 2034 2224 vocabularium

391 2235 437 2258 hoc
456 2240 540 2259 autem
559 2234 637 2258 debeo
657 2243 734 2259 curae
754 2236 863 2267 Augusti
885 2237 1007 2260 Kracnwr
1026 2237 1125 2261 iuvenis
1144 2238 1225 2267 amici,
1245 2239 1288 2270 qui
1307 2229 1384 2263 ctiam
1408 2238 1518 2269 largiora
1542 2238 1567 2262 in
1593 2247 1666 2262 usum
1693 2246 1775 2262 meum
1800 2238 1941 2262 elaboravit
1959 2246 2035 2270 quatu

390 2286 454 2308 quae
481 2278 521 2301 bic
544 2286 682 2309 proponere
708 2282 793 2309 aptum
815 2279 906 2303 visum.
945 2280 972 2303 ln
993 2279 1030 2302 bis
1057 2280 1099 2303 ubi
1119 2280 1188 2304 solus
1208 2289 1329 2305 numerus
1347 2281 1447 2310 citatur,
1467 2281 1648 2313 epigrammata
1666 2283 1765 2306 Graeca
1788 2280 1920 2312 intellege,
1940 2281 1984 2305 ubi
2004 2282 2036 2314 G,

391 2321 639 2351 (iigantomacbiam.

495 2381 590 2404 Datum
610 2386 645 2405 cst
667 2389 750 2405 nicnsc
771 2381 839 2405 Maio
859 2382 918 2405 anni
940 2382 1118 2406 Mbtrcxffl.

1588 2417 1816 2449 Theodorus
1840 2418 1931 2450 Birt.
