2131 3100
366 143 385 168 1.
416 142 460 167 DE
479 141 675 168 CLAvluANl
699 143 782 168 VITA
806 143 851 168 ΕΤ
872 145 1031 170 seniv'l‘ls
1054 145 1095 170 1⁴:¹1¹
1116 146 1320 172 'rlmlronvn
1343 148 1520 174 llls'roltm.
1714 152 1760 176 ΧΥ

127 232 222 273 (1111110
248 230 350 261 adhuc
374 229 512 260 seribere
537 239 598 259 non
623 240 717 259 ausus
741 230 790 260 sit.
840 230 872 261 ld
898 237 969 272 post
993 242 1129 273 magnac
1153 234 1243 263 molis
1268 235 1404 265 carmina
1430 240 1523 277 11111110
1547 239 1660 278 epyllia
1686 250 1766 279 (111110

125 287 195 314 sunt
228 282 266 313 de
296 281 425 317 Rufino,
463 280 501 311 de
540 280 625 310 bello
655 280 814 312 Gildonis.
850 281 889 312 dc
923 282 1075 324 Eutropio
1106 285 1153 314 vel
1185 292 1254 325 post
1286 287 1422 327 amplam
1454 288 1579 319 laudem
1611 290 1767 320 stiliconis

125 335 184 365 dici
218 335 357 376 potuisse
393 344 486 374 nego.
542 332 608 363 Nisi
646 333 727 363 forte
760 344 816 374 per
851 334 954 364 ulnam
991 336 1040 365 vel
1084 335 1312 377 decempedam
1350 339 1562 377 longitudines
1597 342 1766 371 carminum

126 386 261 417 dimetiri
279 386 432 416 volumus.
479 386 580 416 Immo
605 384 718 415 eadem
744 385 840 416 elatio
865 387 1019 417 sermonis
1045 392 1102 423 est,
1129 388 1240 418 eadem
1266 400 1325 420 ars.
1352 390 1462 421 eadem
1482 392 1580 421 fornia
1601 392 1767 423 historicae

126 438 342 469 enarrationis.
367 437 450 467 idem
475 441 648 479 apparatus
673 437 780 478 opicus
799 438 1062 469 intercedentium
1086 439 1227 474 deorum,
1247 441 1423 472 orationum
1441 443 1635 475 iniectarum.
1661 445 1767 475 simili-

126 489 268 520 tudinum
292 489 479 519 ornantium.

227 540 298 571 Non
329 541 469 582 Raptum
500 541 612 576 fuisse.
644 540 700 571 sed
730 541 857 582 politica
886 545 1052 582 poemata..
1083 542 1196 583 quibus
1228 548 1351 574 statuae
1385 544 1535 576 honorem
1568 547 1624 576 sibi
1656 548 1770 577 meruit

126 592 327 626 Claudianus,
352 593 382 623 in
407 593 576 634 propatulo
601 596 648 623 est
672 592 724 631 (ef.
749 592 822 623 bell.
848 592 928 623 Poll.
953 594 1052 634 praef.
1079 594 1210 635 5sqq.):
1236 599 1267 625 et
1292 606 1432 625 summae
1457 597 1532 626 artis
1562 598 1628 638 ipse
1653 598 1769 639 ubique

126 645 268 676 conscius
303 649 366 676 est:
401 655 473 675 nam
510 655 636 675 carmen
668 644 708 674 de
740 644 854 675 Rufino
884 644 969 675 idem
994 646 1101 675 valore
1133 645 1208 676 dicit
1237 658 1272 677 ae
1302 647 1325 676 si
1357 647 1525 678 draconem
1558 649 1596 678 ab
1623 649 1769 690 Apolline

126 702 271 728 necatum
297 696 492 727 celebrasset
516 697 617 738 praef.
636 696 651 727 Ι
675 699 724 727 15:
750 697 807 738 ipsi
826 696 928 727 Ennio
953 709 986 727 se
1012 708 1121 738 parem
1139 698 1234 728 iactat
1252 699 1319 729 Stil.
1339 700 1438 740 praes.
1457 699 1520 731 111:
1545 702 1770 742 panegyricum

127 748 166 780 de
183 748 239 779 VI.
264 749 428 779 consulatu
452 749 586 779 Honorii
611 749 889 790 gigantomachiam
916 750 1103 790 aequiperat
1126 751 1226 790 praef.
1259 752 1290 780 17
1306 762 1371 791 sqq.

229 808 312 844 Quid
336 808 395 840 sibi
417 809 494 840 velit
517 809 570 840 illa
593 809 717 851 Raptus
742 809 898 850 prolusio.
924 819 994 839 eum
1019 809 1071 839 alii
1097 820 1174 850 quos
1205 809 1262 839 sub
1289 814 1379 841 textu
1404 812 1567 842 citavimus
1593 813 1771 854 scriptores,

126 865 192 892 tum
215 860 428 892 Nemesianus
453 860 569 892 docere
602 864 708 902 potest
741 861 793 902 qui
826 861 1012 902 cynegetica
1039 861 1130 902 epica
1154 861 1325 892 exordiens
1349 862 1428 893 haee
1453 863 1575 904 scripsit
1604 874 1632 895 v.
1658 867 1696 895 55
1710 876 1770 906 sq.:

743 922 862 963 talique
888 921 994 962 placet
1019 921 1094 952 dare
1120 922 1217 952 lintea
1243 933 1347 955 curae.

536 973 621 1004 Dum
645 984 708 1003 non
732 983 850 1014 magna.
872 973 948 1003 ratis
973 973 1081 1004 vicinis
1106 977 1197 1004 sueta.
1221 975 1342 1004 moveri

536 1025 699 1056 Litoribus
724 1028 873 1066 tutosque
898 1026 982 1055 sinus
1009 1036 1196 1066 percurrere
1221 1026 1316 1056 remis

537 1077 629 1108 Nune
652 1078 788 1119 primum
814 1077 868 1107 dat
892 1077 963 1107 vela
988 1077 1079 1108 Notis
1104 1080 1277 1118 portusque
1301 1077 1413 1109 fideles

536 1128 666 1170 Linquit
690 1132 721 1159 et
745 1128 922 1159 Hadriacas
946 1128 1043 1159 audet
1067 1132 1224 1170 temptare
1248 1130 1414 1171 procellas,

127 1189 257 1220 Vicinus
292 1189 437 1220 litoribus
471 1189 683 1220 Nemesianus
717 1194 790 1220 ante
827 1191 1015 1231 cynegetiea
1053 1194 1214 1232 suscepta.
1244 1190 1275 1221 id
1311 1194 1360 1221 est
1388 1194 1453 1221 tum
1485 1191 1672 1221 movebatur
1703 1202 1773 1221 cum

127 1241 256 1282 eclogas
279 1240 412 1272 ludebat
425 1240 458 1283 ¹1).
483 1241 612 1271 minoris
637 1241 698 1271 stili
722 1245 882 1283 poemata.
930 1241 981 1271 Sic
1007 1241 1103 1271 etiam
1127 1241 1246 1282 Raptui
1271 1246 1353 1275 tum,
1385 1242 1436 1272 ubi
1469 1253 1541 1273 eum
1565 1243 1702 1273 scribere
1728 1243 1773 1272 in-

129 1293 213 1334 cepit
237 1292 446 1332 Claudianus,
477 1293 687 1323 antecessisse
719 1303 781 1323 non
812 1297 944 1334 possunt
968 1293 1025 1323 nisi
1050 1293 1242 1333 angustioris
1265 1294 1403 1334 pectoris
1428 1295 1650 1335 temptamina.
1676 1305 1773 1335 pane-

129 1345 254 1386 gyricus
279 1345 346 1375 eius
370 1345 490 1386 primus
513 1345 602 1386 parvi
627 1345 764 1375 ambitus
789 1345 914 1386 aliaque
940 1345 1080 1375 earmina
1104 1345 1234 1375 leviora.

232 1404 313 1435 Miro
338 1408 445 1436 autem
470 1416 544 1436 casu
568 1405 684 1436 accidit
707 1409 741 1436 ut
766 1406 860 1436 etiam
884 1406 928 1436 ita
952 1409 1104 1447 pergeret
1127 1405 1339 1435 Nemesianus
1364 1416 1390 1435 v.
1412 1408 1464 1436 {5:32

539 1466 617 1496 Mox
641 1469 763 1496 vestros
788 1466 920 1496 meliore
945 1466 1012 1507 lyra
1036 1476 1214 1496 memorare
1240 1465 1414 1506 triumphos

539 1517 707 1559 Aeeingar,
732 1517 793 1548 divi
818 1518 987 1548 fortissima
1013 1518 1147 1558 pignora
1171 1517 1254 1549 Cari.

540 1569 648 1611 Atque
673 1580 784 1600 canam
810 1594 816 1600 .
835 1594 840 1599 .
860 1594 866 1600 .
892 1569 1047 1600 edomitas
1072 1569 1210 1600 fraterno
1234 1569 1362 1600 numine
1386 1572 1499 1610 gentes
1525 1580 1588 1610 eqs.

132 1628 229 1659 Cuius
266 1629 326 1659 loci
356 1640 479 1660 memor
508 1629 604 1660 fuisse
636 1629 830 1660 Claudianus
862 1640 938 1660 sane
967 1632 1083 1671 potest.
1140 1629 1235 1659 Certe
1265 1628 1350 1670 quod
1380 1628 1591 1659 Nemesianus
1622 1630 1773 1670 promisit.

130 1681 162 1711 id
190 1681 243 1711 ille
275 1684 446 1712 exsecutus
478 1684 538 1711 est:
576 1686 647 1722 post
680 1681 851 1712 scholicum
883 1692 960 1723 epos
991 1680 1141 1722 grandius
1167 1681 1261 1711 etiam
1287 1691 1364 1722 epos
1388 1681 1550 1722 politicum
1576 1680 1670 1722 idque
1697 1681 1773 1722 *lyra

130 1731 284 1763 meliore'.

233 1784 369 1815 Accedit
392 1785 549 1826 praefatio
574 1785 615 1816 ad
638 1785 856 1816 Flmentinum
881 1786 973 1816 alteri
990 1785 1113 1827 Raptus
1137 1785 1216 1815 libro
1242 1784 1386 1826 praefixa
1411 1783 1632 1814 examinanda.
1679 1784 1774 1813 Cuius

131 1847 249 1867 nexum
274 1848 344 1867 011111
361 1837 468 1879 Raptu
492 1838 611 1868 nullum
637 1848 707 1868 esse
731 1838 831 1869 videri
855 1839 945 1869 multi
969 1838 1106 1868 aiebant.
1154 1837 1311 1873 Quoniam
1336 1847 1411 1867 vero
1437 1846 1506 1866 cum
1529 1836 1635 1877 Rapta
1660 1835 1772 1866 tradita

133 1893 190 1924 est,
214 1900 271 1930 pro
297 1888 488 1920 documento
515 1890 723 1920 dedicationis
747 1891 851 1931 operis
875 1890 960 1920 missi
985 1889 1026 1920 ad
1049 1889 1268 1919 Florentinum
1293 1887 1439 1918 habenda
1466 1890 1522 1918 ost.
1574 1887 1615 1918 Et
1640 1887 1774 1928 primum

133 1940 217 1982 quod
241 1941 331 1971 alteri
356 1941 435 1971 libro
460 1942 662 1983 praefigitur.
693 1953 762 1972 eum
794 1942 875 1972 liber
905 1942 1023 1982 primus
1053 1941 1213 1982 propriam
1239 1940 1471 1981 praefationem
1502 1939 1666 1969 exhibeat.
1693 1938 1774 1968 bene

132 1993 272 2024 Koehius
283 1992 309 2024 Τ)
335 1995 531 2035 comparavit
559 1994 658 2024 libros
688 1994 749 2024 duo
782 1995 811 2024 in
836 1994 985 2024 Rufinum
1018 2003 1149 2034 (11101-11111
1180 1992 1290 2033 prioris
1321 1992 1477 2032 praefatio
1503 1991 1624 2021 diversa
1651 1993 1775 2020 tractat.

133 2045 289 2086 praefatio
327 2046 455 2076 secundi
492 2046 728 2077 dedicationem
766 2046 804 2076 ad
836 2046 1020 2076 Stiliconem
1053 2045 1203 2075 continet.
1255 2043 1382 2074 Deinde
1412 2043 1601 2073 sententiam
1632 2043 1661 2072 in
1686 2041 1774 2072 dedi-

134 2098 257 2129 catione
283 2108 344 2128 non
363 2099 558 2139 postulamus
582 2099 639 2129 nisi
663 2099 757 2129 lianc:
784 2098 843 2128 ''l'u
862 2098 1045 2128 Florentino
1071 2096 1111 2126 ad
1135 2096 1215 2126 111100
1240 2095 1384 2126 canenda
1408 2106 1459 2125 me
1478 2093 1645 2125 excitasti‘.
1687 2093 1775 2123 llanc

134 2154 239 2180 autem
266 2149 474 2180 Claudianus.
505 2154 676 2192 postquam
700 2162 728 2180 v.
761 2153 857 2180 1—4s
883 2149 1055 2180 Herculem
1090 2148 1129 2178 ab
1155 2148 1284 2189 Orpheo
1314 2147 1477 2177 laudatum
1504 2146 1639 2176 rettulit.
1666 2156 1774 2176 revera

134 2202 181 2232 his
206 2202 364 2243 expressit
390 2202 431 2242 (v.
456 2201 604 2244 ltlsqq.):

494 2262 646 2292 Thracius
671 2262 749 2292 baec
774 2265 874 2291 vates.
922 2260 986 2291 Sed
1011 2264 1043 2290 tu
1067 2259 1249 2300 'l‘iryntliins
1274 2259 1362 2288 alter.

419 2322 443 2338 Μ’
547 2314 741 2344 Florentine.
766 2313 852 2343 milli.
898 2313 945 2342 'l'u
971 2322 1039 2342 111011
1066 2312 1182 2352 plectra
1211 2321 1318 2340 moves

496 2366 659 2406 Antraque
684 2365 844 2395 Musarum
869 2365 964 2403 longo
991 2363 1146 2404 torpentia
1174 2373 1283 2392 somno

548 2417 679 2447 Excutis·
705 2423 736 2447 et
761 2416 902 2458 placidos
927 2415 1014 2446 ducis
1038 2415 1066 2444 in
1093 2414 1169 2444 orbe
1200 2413 1322 2443 choros.

140 2478 301 2520 Expectes
326 2479 459 2508 tortasse
485 2478 632 2518 quoniam
657 2477 859 2507 Florentinus
883 2476 963 2506 alter
979 2474 1135 2505 Hercules
1160 2477 1217 2503 est.
1237 2472 1427 2503 ('laudianns
1450 2473 1530 2502 alter
1547 2472 1702 2513 <li-plicas.
1721 2471 1778 2500 1100

138 2540 198 2560 non
223 2530 347 2571 Raptus
372 2530 582 2570 Proserpinae
607 2529 804 2569 prooemium
830 2539 914 2558 esse.
947 2526 1002 2556 sed
1035 2525 1216 2567 panegyrici
1247 2525 1376 2554 alicuius
1407 2524 1446 2554 de
1479 2523 1622 2553 laudibus
1650 2523 1777 2552 Floren-

138 2582 240 2621 tini3).
292 2581 442 2612 Nostrum
472 2585 577 2611 autem
610 2588 674 2610 est.
705 2581 729 2609 si
760 2580 826 2610 tieri
852 2582 970 2620 potest.
1005 2577 1165 2618 explicare
1199 2576 1229 2605 id
1263 2576 1346 2617 quod
1382 2575 1596 2616 complicatius
1631 2573 1777 2604 traditum

138 2634 327 2674 accepimus.
377 2633 486 2673 ltaque
512 2632 663 2662 dicendus
690 2639 736 2661 est
761 2634 853 2672 poeta
886 2641 954 2660 cum
984 2629 1119 2669 llaptuin
1149 2628 1214 2657 11ιί1
1247 2628 1355 2657 illustri
1388 2627 1428 2657 illi
1460 2626 1636 2657 dedicaret.
1670 2624 1778 2655 laudes

245 2745 266 2774 11
286 2747 316 2769 cf.
337 2746 369 2769 ad
390 2746 474 2769 histor.
495 2746 552 2769 bex.
572 2745 615 2768 lat.
637 2753 658 2776 p.
672 2743 751 2775 43:38sp
866 2743 891 2767 ⁵2)
913 2744 977 2766 Mus.
1000 2739 1202 2767 1:11011.44,5S‡}‚
1315 2740 1340 2764 211
1360 2740 1447 2762 Talem
1468 2739 1647 2770 paraq-'yricnm
1668 2737 1779 2760 extitisse

137 2789 184 2814 sibi
205 2789 328 2821 persuasit
347 2789 460 2820 deopius.
498 2789 544 2813 Sed
565 2788 684 2811 libroruin
706 2788 829 2811 maiorum
850 2785 983 2809 Flaudiani
1012 2784 1091 2807 ullum
1112 2783 1213 2814 periisse
1234 2783 1284 2806 veri
1304 2782 1423 2805 dissimile
1442 2787 1485 2805 est.
